<record><leader>00000cas a2200000 a 4500</leader><controlfield tag="001">13554433</controlfield><controlfield tag="008">860512d18861966sdudr ne      0   a0eng  </controlfield><datafield ind1=" " ind2=" " tag="010"><subfield code="a">sn 86071472 </subfield></datafield><datafield ind1=" " ind2=" " tag="040"><subfield code="a">DLC</subfield><subfield code="b">eng</subfield><subfield code="c">DLC</subfield><subfield code="d">NSD</subfield><subfield code="d">SXN</subfield><subfield code="d">DLC</subfield><subfield code="d">OCLCO</subfield><subfield code="d">OCLCQ</subfield><subfield code="d">OCLCF</subfield></datafield><datafield ind1="1" ind2=" " tag="029"><subfield code="a">AU@</subfield><subfield code="b">000022692827</subfield></datafield><datafield ind1=" " ind2=" " tag="042"><subfield code="a">pcc</subfield></datafield><datafield ind1=" " ind2=" " tag="043"><subfield code="a">n-us-sd</subfield></datafield><datafield ind1="0" ind2="0" tag="050"><subfield code="a">Newspaper 9744-X</subfield></datafield><datafield ind1="0" ind2="4" tag="245"><subfield code="a">The Rapid City daily journal.</subfield></datafield><datafield ind1="1" ind2=" " tag="246"><subfield code="i">Evening edition was published Nov. 7, 1922-&lt;Aug. 2, 1924&gt; with title:</subfield><subfield code="a">Rapid City evening journal</subfield></datafield><datafield ind1="1" ind2=" " tag="246"><subfield code="i">Sunday issue for Mar. 6, 1960-June 26, 1966 published as:</subfield><subfield code="a">Rapid City Sunday journal</subfield></datafield><datafield ind1="1" ind2="7" tag="246"><subfield code="a">Rapid City journal</subfield></datafield><datafield ind1=" " ind2=" " tag="260"><subfield code="a">Rapid City, Dakota [South Dakota] :</subfield><subfield code="b">Jos. B. Gossage</subfield></datafield><datafield ind1=" " ind2=" " tag="300"><subfield code="a">v.</subfield></datafield><datafield ind1=" " ind2=" " tag="310"><subfield code="a">Daily,</subfield><subfield code="b">Oct. 2, 1949-1966</subfield></datafield><datafield ind1=" " ind2=" " tag="321"><subfield code="a">Daily (except Monday),</subfield><subfield code="b">1886-Nov. 5, 1922</subfield></datafield><datafield ind1=" " ind2=" " tag="321"><subfield code="a">Daily,</subfield><subfield code="b">Nov. 7, 1922-Oct. 28, 1924</subfield></datafield><datafield ind1=" " ind2=" " tag="321"><subfield code="a">Daily (except Monday),</subfield><subfield code="b">Oct. 29, 1924-&lt;July 26, 1925&gt;</subfield></datafield><datafield ind1=" " ind2=" " tag="321"><subfield code="a">Daily (except Sunday),</subfield><subfield code="b">&lt;July 30, 1925&gt;-Oct. 1, 1949</subfield></datafield><datafield ind1="0" ind2=" " tag="362"><subfield code="a">Vol. 1, no. 1 (Feb. 2, 1886)-v. 1, no. 99 (May 27, 1886) ; no. 100 (May 28, 1886)-no. 23111 (Oct. 3, 1956) ; 78th year, no. 23112 (Oct. 4, 1956)-89th year, no. 26534 (June 27, 1966).</subfield></datafield><datafield ind1=" " ind2=" " tag="515"><subfield code="a">Issue for July 6, 1936 is 60th anniversary edition.</subfield></datafield><datafield ind1=" " ind2=" " tag="530"><subfield code="a">Available on microfilm from State Archives, South Dakota State Historical Society.</subfield></datafield><datafield ind1=" " ind2=" " tag="580"><subfield code="a">Weekly ed.: Black Hills weekly journal, 1886-1930.</subfield></datafield><datafield ind1=" " ind2="0" tag="651"><subfield code="a">Rapid City (S.D.)</subfield><subfield code="v">Newspapers.</subfield></datafield><datafield ind1=" " ind2="0" tag="651"><subfield code="a">Pennington County (S.D.)</subfield><subfield code="v">Newspapers.</subfield></datafield><datafield ind1=" " ind2="7" tag="655"><subfield code="a">Newspapers.</subfield><subfield code="2">fast</subfield><subfield code="0">(OCoLC)fst01423814</subfield></datafield><datafield ind1=" " ind2="7" tag="651"><subfield code="a">South Dakota</subfield><subfield code="z">Pennington County.</subfield><subfield code="2">fast</subfield><subfield code="0">(OCoLC)fst01215591</subfield></datafield><datafield ind1=" " ind2="7" tag="651"><subfield code="a">South Dakota</subfield><subfield code="z">Rapid City.</subfield><subfield code="2">fast</subfield><subfield code="0">(OCoLC)fst01212163</subfield></datafield><datafield ind1=" " ind2=" " tag="752"><subfield code="a">United States</subfield><subfield code="b">South Dakota</subfield><subfield code="c">Pennington</subfield><subfield code="d">Rapid City.</subfield></datafield><datafield ind1="1" ind2=" " tag="775"><subfield code="t">Black Hills weekly journal</subfield><subfield code="w">(DLC)sn 97065821</subfield><subfield code="w">(OCoLC)2252697</subfield></datafield><datafield ind1="0" ind2="0" tag="785"><subfield code="t">Rapid City journal</subfield><subfield code="x">1079-3410</subfield><subfield code="w">(DLC)sn 86071473</subfield><subfield code="w">(OCoLC)2250546</subfield></datafield></record>